@book{silberschatz-2010,
	author = {Silberschatz, Abraham and Korth, Henry and Sudarshan, S.},
	edition = {6},
	publisher = {McGraw-Hill Education},
	title = {{Database System Concepts}},
	year = {2010},
}
@misc{unknown-author-2014,
	month = {12},
	title = {{What is the difference between a user and a role?}},
	url = {https://stackoverflow.com/questions/27709456/what-is-the-difference-between-a-user-and-a-role},
	year = {2014},
}
@book{obe-2017,
	author = {Obe, Regina and Hsu, Leo},
	edition = {3},
	publisher = {O'Reilly Media},
	title = {{PostgreSQL: Up and Running: A Practical Guide to the Advanced Open Source Database}},
	year = {2017},
}
@book{schwartz-2012,
	author = {Schwartz, Baron and Zaitsev, Peter and Tkachenko, Vadim},
	edition = {Third},
	publisher = {O'Reilly Media},
	title = {{High Performance MySQL: Optimization, Backups, and Replication}},
	year = {2012},
}
@misc{psqldoc,
	month = {01},
	title = {{Database Roles and Privileges}},
	url = {https://www.postgresql.org/docs/8.1/user-manag.html},
	year = {2012},
}
@misc{unknown-author-2021,
	month = {08},
	title = {{Privileges}},
	url = {https://www.postgresql.org/docs/13/ddl-priv.html},
	year = {2021},
}
@misc{pk,
	month = {01},
	title = {{VARCHAR as foreign key/primary key in database good or bad?}},
	url = {https://stackoverflow.com/questions/2103322/varchar-as-foreign-key-primary-key-in-database-good-or-bad},
	year = {2010},
}
@misc{m-2020,
	author = {M, J},
	month = {12},
	title = {{一条SQL的执行过程详解}},
	url = {https://www.cnblogs.com/mengxinJ/p/14045520.html},
	year = {2020},
}
@misc{turing-2021,
	author = {Turing, Moon},
	month = {02},
	title = {{postgresql-revoke 回收权限及删除角色}},
	url = {https://www.cnblogs.com/zhangfx01/p/14367594.html},
	year = {2021},
}
@book{silberschatz-2010,
	address = {New York, United States},
	author = {Silberschatz, Abraham and Korth, Henry and Sudarshan, S.},
	edition = {6},
	publisher = {McGraw-Hill Education},
	title = {{Database System Concepts}},
	year = {2010},
}
@misc{unknown-author-2017,
	author = {Adigan1310},
	title = {{BPlus-Tree-Indexing: Implementation of B+ Tree Indexing of a file using memory blocks}},
	url = {https://github.com/adigan1310/BPlus-Tree-Indexing},
	year = {2017},
}
@misc{acid-wiki,
	author = {{Wikipedia contributors}},
	month = {10},
	title = {{ACID}},
	url = {https://en.wikipedia.org/wiki/ACID},
	year = {2021},
}
@misc{dong-2021,
	author = {Dong, Tony},
	month = {05},
	title = {{5 分钟理解数据库死锁}},
	url = {https://blog.csdn.net/horses/article/details/116503824},
	year = {2021},
}
@misc{blue-2020,
	author = {Blue, Sky},
	month = {02},
	title = {{PostgreSQL和Mysql的MVCC实现机制的差异对比}},
	url = {https://zhuanlan.zhihu.com/p/107993134},
	year = {2020},
}